@MISC{arbital,
   title =        "Introduction to Bayes' rule: Odds form",
   editor =       "arbital.com",
   howpublished =   "\url{https://arbital.com/p/bayes_rule_odds/?l=1x8&pathId=50129 }",
   note =         "[Online]"
 }
 
 @MISC{anscombe,
   title =        "Anscombeâ€™s Quartet",
   author = 	"Parth Shah",
   editor =       "medium.com",
   howpublished =   "\url{https://medium.com/datadriveninvestor/anscombes-quartet-12649db7eac0 }",
   note =         "[Online]"
 }
 
   @MISC{crispDm1.0,
   author =      "Chapman, P. and Clinton, J. and Kerber, R. and Khabaza, T. and Reinartz, T. and Shearer, C. and Wirth, R.",
   title =        "CRISP-DM 1.0",
   editor =       "SPSS",
   year =         "2000",
   month =        "January",
   howpublished =   "\url{https://www.the-modeling-agency.com/crisp-dm.pdf }",
   note =         "[Online]"   
 }
 
  
  @MISC{KdNuggests,
   author =      "Piatetsky, G.",
   title =        "What main methodology are you using for your analytics, data mining, or data science projects?",
   editor =       "kdnuggets.com",
   year =         "2014",
   howpublished =   "\url{https://www.kdnuggets.com/2014/10/crisp-dm-top-methodology-analytics-data-mining-data-science-projects.html }",
   note =         "[Online; posted 2014]"
 }
 
 @MISC{kdd,
   author =      "Frawley, W, J. and Piatetsky-Shapiro, G. and Matheus, C.",
   title =        "Knowledge Discovery in Databases: An Overview",
   editor =       "AI Magazine",
   year =         "1992",
   volume = "13",
   number = ""3",
   howpublished =   "\url{https://pdfs.semanticscholar.org/7a7b/51b86e22d0077215287980c7ba793b09e4cd.pdf }",
   note =         "[Online]"   
 }
 
 @MISC{TDSP,
   author =      "Schonning, N.",
   title =        "What is the Team Data Science Process?",
   editor =       "docs.microsoft.com",
   year =         "2017",
   howpublished =   "\url{https://docs.microsoft.com/en-us/azure/machine-learning/team-data-science-process/overview }",
   note =         "[Online; posted 20-October-2017]"
 }
 